% Encoding: UTF-8

@phdthesis{crdt,
	title={A comprehensive study of convergent and commutative replicated data types},
	author={Shapiro, Marc and Pregui{\c{c}}a, Nuno and Baquero, Carlos and Zawirski, Marek},
	year={2011},
	school={Inria--Centre Paris-Rocquencourt; INRIA}
}

%Lattices and LUB
@article{stateCRDT,
	title={Composition in state-based replicated data types},
	author={Baquero, Carlos and Almeida, Paulo S{\'e}rgio and Cunha, Alcino and Ferreira, Carla},
	journal={Bulletin of the European Association for Theoretical Computer Science},
	number={123},
	year={2017}
}

@inproceedings{deltaAlmeida,
	title={Efficient state-based crdts by delta-mutation},
	author={Almeida, Paulo S{\'e}rgio and Shoker, Ali and Baquero, Carlos},
	booktitle={International Conference on Networked Systems},
	pages={62--76},
	year={2015},
	organization={Springer}
}

@inproceedings{deltaVan,
	title={$\delta$-crdts: Making $\delta$-crdts delta-based},
	author={van der Linde, Albert and Leit{\~a}o, Jo{\~a}o and Pregui{\c{c}}a, Nuno},
	booktitle={Proceedings of the 2nd Workshop on the Principles and Practice of Consistency for Distributed Data},
	pages={1--4},
	year={2016}
}

@article{cap,
	title={Brewer's conjecture and the feasibility of consistent, available, partition-tolerant web services},
	author={Gilbert, Seth and Lynch, Nancy},
	journal={Acm Sigact News},
	volume={33},
	number={2},
	pages={51--59},
	year={2002},
	publisher={ACM New York, NY, USA}
}

@inproceedings{linearizability,
	title={Understanding replication in databases and distributed systems},
	author={Wiesmann, Matthias and Pedone, Fernando and Schiper, Andr{\'e} and Kemme, Bettina and Alonso, Gustavo},
	booktitle={Proceedings 20th IEEE International Conference on Distributed Computing Systems},
	pages={464--474},
	year={2000},
	organization={IEEE}
}

@article{si,
	title={Making snapshot isolation serializable},
	author={Fekete, Alan and Liarokapis, Dimitrios and O'Neil, Elizabeth and O'Neil, Patrick and Shasha, Dennis},
	journal={ACM Transactions on Database Systems (TODS)},
	volume={30},
	number={2},
	pages={492--528},
	year={2005},
	publisher={ACM New York, NY, USA}
}

@techreport{understandingEC,
	author = {Burckhardt, Sebastian and Gotsman, Alexey and Yang, Hongseok},
	title = {Understanding Eventual Consistency},
	year = {2013},
	url = {https://www.microsoft.com/en-us/research/publication/understanding-eventual-consistency/},
	number = {MSR-TR-2013-39},
}

%Session guarantees
@inproceedings{session,
	title={Session guarantees for weakly consistent replicated data},
	author={Terry, Douglas B and Demers, Alan J and Petersen, Karin and Spreitzer, Mike J and Theimer, Marvin M and Welch, Brent B},
	booktitle={Proceedings of 3rd International Conference on Parallel and Distributed Information Systems},
	pages={140--149},
	year={1994},
	organization={IEEE}
}

%Causal+
@inproceedings{cops,
	title={Don't settle for eventual: Scalable causal consistency for wide-area storage with COPS},
	author={Lloyd, Wyatt and Freedman, Michael J and Kaminsky, Michael and Andersen, David G},
	booktitle={Proceedings of the Twenty-Third ACM Symposium on Operating Systems Principles},
	pages={401--416},
	year={2011}
}

%eventual
@article{dynamo,
	title={Dynamo: Amazon's highly available key-value store},
	author={DeCandia, Giuseppe and Hastorun, Deniz and Jampani, Madan and Kakulapati, Gunavardhan and Lakshman, Avinash and Pilchin, Alex and Sivasubramanian, Swaminathan and Vosshall, Peter and Vogels, Werner},
	journal={ACM SIGOPS operating systems review},
	volume={41},
	number={6},
	pages={205--220},
	year={2007},
	publisher={ACM New York, NY, USA}
}

@article{cassandra,
	title={Cassandra: a decentralized structured storage system},
	author={Lakshman, Avinash and Malik, Prashant},
	journal={ACM SIGOPS Operating Systems Review},
	volume={44},
	number={2},
	pages={35--40},
	year={2010},
	publisher={ACM New York, NY, USA}
}

%Geo-distributed strong consistency
@article{spanner,
	title={Spanner: Google’s globally distributed database},
	author={Corbett, James C and Dean, Jeffrey and Epstein, Michael and Fikes, Andrew and Frost, Christopher and Furman, Jeffrey John and Ghemawat, Sanjay and Gubarev, Andrey and Heiser, Christopher and Hochschild, Peter and others},
	journal={ACM Transactions on Computer Systems (TOCS)},
	volume={31},
	number={3},
	pages={1--22},
	year={2013},
	publisher={ACM New York, NY, USA}
}

%Causal consistency, avoids write-write conflicts with PSI
@inproceedings{walter,
	title={Transactional storage for geo-replicated systems},
	author={Sovran, Yair and Power, Russell and Aguilera, Marcos K and Li, Jinyang},
	booktitle={Proceedings of the Twenty-Third ACM Symposium on Operating Systems Principles},
	pages={385--400},
	year={2011}
}

@incollection{lamport2019time,
	title={Time, clocks, and the ordering of events in a distributed system},
	author={Lamport, Leslie},
	booktitle={Concurrency: the Works of Leslie Lamport},
	pages={179--196},
	year={2019}
}

@inproceedings{legion,
	title={Legion: Enriching internet services with peer-to-peer interactions},
	author={van der Linde, Albert and Fouto, Pedro and Leit{\~a}o, Jo{\~a}o and Pregui{\c{c}}a, Nuno and Casti{\~n}eira, Santiago and Bieniusa, Annette},
	booktitle={Proceedings of the 26th International Conference on World Wide Web},
	pages={283--292},
	year={2017}
}

@inproceedings{castineira2015collaborative,
	title={Collaborative offline web applications using conflict-free replicated data types},
	author={Casti{\~n}eira, Santiago J and Bieniusa, Annette},
	booktitle={Proceedings of the First Workshop on Principles and Practice of Consistency for Distributed Data},
	pages={1--4},
	year={2015}
}

@inproceedings{swiftcloud,
	title={Write fast, read in the past: Causal consistency for client-side applications},
	author={Zawirski, Marek and Pregui{\c{c}}a, Nuno and Duarte, S{\'e}rgio and Bieniusa, Annette and Balegas, Valter and Shapiro, Marc},
	booktitle={Proceedings of the 16th Annual Middleware Conference},
	pages={75--87},
	year={2015}
}

@inproceedings{crdtMultipolicy,
	author = {Rijo, André and Ferreira, Carla and Preguiça, Nuno},
	title = {Set CRDT com Múltiplas Políticas de Resolução de Conflitos},
	booktitle = {INForum 2018 - Actas do 10º Simpósio de Informática},
	publisher = {Universidade de Coimbra},
	year = {2018}
}

%Geo-replication
@article{slog,
	title={Slog: Serializable, low-latency, geo-replicated transactions},
	author={Ren, Kun and Li, Dennis and Abadi, Daniel J},
	journal={Proceedings of the VLDB Endowment},
	volume={12},
	number={11},
	pages={1747--1761},
	year={2019},
	publisher={VLDB Endowment}
}

%OT
@inproceedings{ot,
	title={Operational transformation in real-time group editors: issues, algorithms, and achievements},
	author={Sun, Chengzheng and Ellis, Clarence},
	booktitle={Proceedings of the 1998 ACM conference on Computer supported cooperative work},
	pages={59--68},
	year={1998}
}

%OT Correctness
@phdthesis{otCorrectness,
	title={Proving correctness of transformation functions in collaborative editing systems},
	author={Oster, G{\'e}rald and Urso, Pascal and Molli, Pascal and Imine, Abdessamad},
	year={2005},
	school={INRIA}
}

%Paxos
@article{paxos,
	title={Paxos made simple},
	author={Lamport, Leslie},
	journal={ACM SIGACT News (Distributed Computing Column) 32, 4 (Whole Number 121, December 2001)},
	pages={51--58},
	year={2001}
}

%Total Order Broadcast
@article{tob,
	title={Comparison of database replication techniques based on total order broadcast},
	author={Wiesmann, Matthias and Schiper, Andr{\'e}},
	journal={IEEE Transactions on Knowledge and Data Engineering},
	volume={17},
	number={4},
	pages={551--566},
	year={2005},
	publisher={IEEE}
}

%MDCC: strong consistency geo-distributed
@inproceedings{mdcc,
	title={MDCC: Multi-data center consistency},
	author={Kraska, Tim and Pang, Gene and Franklin, Michael J and Madden, Samuel and Fekete, Alan},
	booktitle={Proceedings of the 8th ACM European Conference on Computer Systems},
	pages={113--126},
	year={2013}
}

%Eiger: causal geo-distributed
@inproceedings{eiger,
	title={Stronger Semantics for $\{$Low-Latency$\}$$\{$Geo-Replicated$\}$ Storage},
	author={Lloyd, Wyatt and Freedman, Michael J and Kaminsky, Michael and Andersen, David G},
	booktitle={10th USENIX Symposium on Networked Systems Design and Implementation (NSDI 13)},
	pages={313--328},
	year={2013}
}

%Sipre: partial replication with strong consistency
@inproceedings{sipre,
	title={SIPRe: a partial database replication protocol with SI replicas},
	author={Armend{\'a}riz-Inigo, Jos{\'e} Enrique and Mauch-Goya, A and de Mend{\'\i}vil, JR Gonz{\'a}lez and Mu{\~n}oz-Esco{\'\i}, Francesc D},
	booktitle={Proceedings of the 2008 ACM symposium on Applied computing},
	pages={2181--2185},
	year={2008}
}

%Chronocache: geo-distributed cache
@inproceedings{chronocache,
	title={Chronocache: Predictive and adaptive mid-tier query result caching},
	author={Glasbergen, Brad and Langendoen, Kyle and Abebe, Michael and Daudjee, Khuzaima},
	booktitle={Proceedings of the 2020 ACM SIGMOD International Conference on Management of Data},
	pages={2391--2406},
	year={2020}
}

%Geo-distributed metadata service with casual consistency
@inproceedings{saturn,
	title={Saturn: A distributed metadata service for causal consistency},
	author={Bravo, Manuel and Rodrigues, Lu{\'\i}s and Van Roy, Peter},
	booktitle={Proceedings of the Twelfth European Conference on Computer Systems},
	pages={111--126},
	year={2017}
}

%Cure - geo distributed causal
@inproceedings{cure,
	title={Cure: Strong semantics meets high availability and low latency},
	author={Akkoorath, Deepthi Devaki and Tomsic, Alejandro Z and Bravo, Manuel and Li, Zhongmiao and Crain, Tyler and Bieniusa, Annette and Pregui{\c{c}}a, Nuno and Shapiro, Marc},
	booktitle={2016 IEEE 36th International Conference on Distributed Computing Systems (ICDCS)},
	pages={405--414},
	year={2016},
	organization={IEEE}
}

@inproceedings{nonUniform,
	author={Cabrita, Gon\c{c}alo and Pregui\c{c}a, Nuno},
	title={{Non-uniform Replication}},
	booktitle={Proceedings of the 11th International Conference on Principles of Distributed Systems (OPODIS 2017)},
	year={2017}
}

@phdthesis{nonUniformThesis,
	title={Non-uniform replication for replicated objects},
	author={Cabrita, Gon{\c{c}}alo Mendes},
	year={2017}
}

@inproceedings{computationalCrdt,
	title={A study of crdts that do computations},
	author={Navalho, David and Duarte, S{\'e}rgio and Pregui{\c{c}}a, Nuno},
	booktitle={Proceedings of the First Workshop on Principles and Practice of Consistency for Distributed Data},
	pages={1--4},
	year={2015}
}

%Materialized views
@article{dbtoaster,
	title={DBToaster: higher-order delta processing for dynamic, frequently fresh views},
	author={Koch, Christoph and Ahmad, Yanif and Kennedy, Oliver and Nikolic, Milos and N{\"o}tzli, Andres and Lupei, Daniel and Shaikhha, Amir},
	journal={The VLDB Journal},
	volume={23},
	number={2},
	pages={253--278},
	year={2014},
	publisher={Springer}
}

@inproceedings{pequod,
	title={Easy freshness with Pequod cache joins},
	author={Kate, Bryan and Kohler, Eddie and Kester, Michael S and Narula, Neha and Mao, Yandong and Morris, Robert},
	booktitle={11th USENIX Symposium on Networked Systems Design and Implementation (NSDI 14)},
	pages={415--428},
	year={2014}
}

@inproceedings{txcache,
	title={Transactional consistency and automatic management in an application data cache},
	author={Ports, Dan RK and Zhang, Irene and Madden, Samuel and Liskov, Barbara},
	booktitle={9th USENIX Symposium on Operating Systems Design and Implementation (OSDI 10)},
	year={2010}
}

@inproceedings{partView,
	title={Partially materialized views},
	author={Zhou, Jingren and Larson, Paul and Goldstein, Jonathan},
	booktitle={Technical Report},
	year={2005}
}

@article{viewSelection,
	title={Selection of views to materialize in a data warehouse},
	author={Gupta, Himanshu and Mumick, Inderpal Singh},
	journal={IEEE Transactions on Knowledge and Data Engineering},
	volume={17},
	number={1},
	pages={24--43},
	year={2005},
	publisher={IEEE}
}

@inproceedings{optIncMaintenance,
	title={Optimizing the incremental maintenance of multiple join views},
	author={Lee, Ki Yong and Kim, Myoung Ho},
	booktitle={Proceedings of the 8th ACM International Workshop on Data Warehousing and OLAP},
	pages={107--113},
	year={2005}
}

@article{incMaintenance,
	title={Incremental maintenance of aggregate and outerjoin expressions},
	author={Gupta, Himanshu and Mumick, Inderpal Singh},
	journal={Information Systems},
	volume={31},
	number={6},
	pages={435--464},
	year={2006},
	publisher={Elsevier}
}

@inproceedings{effMaintenance,
	title={Efficient maintenance of materialized outer-join views},
	author={Larson, Per-Ake and Zhou, Jingren},
	booktitle={2007 IEEE 23rd International Conference on Data Engineering},
	pages={56--65},
	year={2007},
	organization={IEEE}
}

@inproceedings{lazyMaintenance,
	title={Lazy maintenance of materialized views},
	author={Zhou, Jingren and Larson, Per-Ake and Elmongui, Hicham G},
	booktitle={Proceedings of the 33rd international conference on Very large data bases},
	pages={231--242},
	year={2007}
}

@inproceedings{dbproxy,
	title={DBProxy: A dynamic data cache for Web applications},
	author={Amiri, Khalil and Park, Sanghyun and Tewari, Renu and Padmanabhan, Sriram},
	booktitle={Proceedings 19th International Conference on Data Engineering (Cat. No. 03CH37405)},
	pages={821--821},
	year={2003},
	organization={IEEE Computer Society}
}

%Data-flow materialized views
@inproceedings{noria,
	title={Noria: dynamic, partially-stateful data-flow for high-performance web applications},
	author={Gjengset, Jon and Schwarzkopf, Malte and Behrens, Jonathan and Ara{\'u}jo, Lara Timb{\'o} and Ek, Martin and Kohler, Eddie and Kaashoek, M Frans and Morris, Robert},
	booktitle={13th USENIX Symposium on Operating Systems Design and Implementation (OSDI 18)},
	pages={213--231},
	year={2018}
}

%Indexes
@inproceedings{genIndex,
	title={Generalized partial indexes},
	author={Seshadri, Praveen and Swami, Arun},
	booktitle={Proceedings of the Eleventh International Conference on Data Engineering},
	pages={420--427},
	year={1995},
	organization={IEEE}
}

@article{partIndex,
	title={The case for partial indexes},
	author={Stonebraker, Michael},
	journal={ACM Sigmod Record},
	volume={18},
	number={4},
	pages={4--11},
	year={1989},
	publisher={ACM New York, NY, USA}
}

%SQL
@inproceedings{sequel,
	title={SEQUEL: A structured English query language},
	author={Chamberlin, Donald D and Boyce, Raymond F},
	booktitle={Proceedings of the 1974 ACM SIGFIDET (now SIGMOD) workshop on Data description, access and control},
	pages={249--264},
	year={1974}
}

%TPC-H. TODO: I might want to cite the 3.0.0 version instead
@misc{tpch,
	author = { Transaction Processing Performance Council},
	title = { TPC Benchmark H (Decision Support) Standard Specification Revision 2.18.0},
	howpublished = {~\url{tpc.org/tpch/}},
	year = {2018},
}

%This includes a lot of useful concepts, like ACID, BASE, list of key-value stores, etc.
@inproceedings{mongoVScassandra,
	title={NoSQL databases: MongoDB vs cassandra},
	author={Abramova, Veronika and Bernardino, Jorge},
	booktitle={Proceedings of the international C* conference on computer science and software engineering},
	pages={14--22},
	year={2013}
}

%Invariants in weak consistency
@inproceedings{boundedCounter,
	title={Extending eventually consistent cloud databases for enforcing numeric invariants},
	author={Balegas, Valter and Serra, Diogo and Duarte, S{\'e}rgio and Ferreira, Carla and Shapiro, Marc and Rodrigues, Rodrigo and Pregui{\c{c}}a, Nuno},
	booktitle={2015 IEEE 34th Symposium on Reliable Distributed Systems (SRDS)},
	pages={31--36},
	organization={IEEE}
}

%TODELETE
@InProceedings{ Artho04,
	author       = "Cyrille Artho and Klaus Havelund and Armin Biere",
	title        = "Using Block-Local Atomicity to Detect Stale-Value Concurrency Errors",
	booktitle    = "ATVA",
	year         = "2004",
	pages        = "150--164",
	crossref     = "DBLP:conf/atva/2004",
	bibsource    = "DBLP, http://dblp.uni-trier.de",
	ee           = "http://springerlink.metapress.com/openurl.asp?genre=article{\&}issn=0302-9743{\&}volume=3299{\&}spage=150",
}

@misc{ Parkins2017,
	author       = "Parkins, David",
	booktitle    = "Economist (United Kingdom)",
	issn         = "00130613",
	mendeley     = "I4.0/BigData",
	number       = "9035",
	title        = "{Regulating the internet giants: The world's most valuable resource is no longer oil, but data}",
	url          = "https://www.economist.com/leaders/2017/05/06/the-worlds-most-valuable-resource-is-no-longer-oil-but-data?fbclid=IwAR1EaO3g6OJoDuhrHBNyqQJAqR2NyhvcZ07uexTWa3Hujq0azNMVHKhQido",
	urldate      = "2020-01-21",
	volume       = "413",
	year         = "2017",
}

@Misc{ Artho03,
	author       = "C. Artho and K. Havelund and A. Biere",
	title        = "High-Level Data Races",
	text         = "C. Artho, K. Havelund, and A. Biere. High-Level Data Races. In VVEIS'03, The First International Workshop on Verification and Validation of Enterprise Information Systems, April 2003. Angers, France.",
	year         = "2003",
	url          = "citeseer.ist.psu.edu/artho03highlevel.html",
}

@Article{ Beckman08,
	title        = "Verifying Correct Usage of Atomic Blocks and Typestate",
	author       = "Nels E. Beckman and Kevin Bierhoff and Jonathan Aldrich",
	publisher    = "ACM",
	address      = "New York, NY, USA",
	journal      = "SIGPLAN Not.",
	pages        = "227--244",
	volume       = "43",
	number       = "10",
	year         = "2008",
	issn         = "0362-1340",
	doi          = "http://doi.acm.org/10.1145/1449955.1449783",
}

@InProceedings{ Flanagan04,
	author       = "Cormac Flanagan and Stephen N Freund",
	title        = "Atomizer: a dynamic atomicity checker for multithreaded programs",
	booktitle    = "POPL '04: Proceedings of the 31st ACM SIGPLAN-SIGACT symposium on Principles of programming languages",
	year         = "2004",
	isbn         = "1-58113-729-X",
	pages        = "256--267",
	location     = "Venice, Italy",
	doi          = "http://doi.acm.org/10.1145/964001.964023",
	publisher    = "ACM",
	address      = "New York, NY, USA",
}

@Misc{ IBM-Rep,
	title        = "{IBM's Concurrency Testing Repository}",
}

@InProceedings{ Praun03,
	author       = "Christoph {von Praun} and Thomas R. Gross",        
	title        = "Static Detection of Atomicity Violations in Object-Oriented Programs",
	booktitle    = "Journal of Object Technology",
	year         = "2003",
	pages        = "2004",
}

@InProceedings{ Shavit95,
	author       = "Nir Shavit and Dan Touitou",
	title        = "Software transactional memory",
	booktitle    = "PODC '95: Proceedings of the fourteenth annual ACM symposium on Principles of distributed computing",
	year         = "1995",
	isbn         = "0-89791-710-3",
	pages        = "204--213",
	location     = "Ottowa, Ontario, Canada",
	doi          = "http://doi.acm.org/10.1145/224964.224987",
	publisher    = "ACM",
	address      = "New York, NY, USA",
}

@Book{ Silberschatz06,
	author       = "Abraham Silberschatz and Henry F. Korth and S. Sudarshan",
	title        = "Database System Concepts",
	publisher    = "McGraw-Hill",
	year         = "2006",
	edition      = "Fifth",
	isbn         = "007-124476-X",
}

@Book{ Moss85,
	author       = "J. Eliot B. Moss",
	title        = "Nested transactions: an approach to reliable distributed computing",
	year         = "1985",
	isbn         = "0-262-13200-1",
	publisher    = "Massachusetts Institute of Technology",
	address      = "Cambridge, MA, USA",
}

@Proceedings{ DBLP:conf/atva/2004,
	editor       = "Farn Wang",
	title        = "Automated Technology for Verification and Analysis: Second International Conference, ATVA 2004, Taipei, Taiwan, ROC, October 31-November 3, 2004. Proceedings",
	booktitle    = "ATVA",
	publisher    = "Springer",
	series       = "Lecture Notes in Computer Science",
	volume       = "3299",
	year         = "2004",
	isbn         = "3-540-23610-4",
	bibsource    = "DBLP, http://dblp.uni-trier.de",
}

@InProceedings{ecoop12-dias,
	author       = "Dias, Ricardo J. and Distefano, Dino and Seco, J. C. and Lourenço, João M.",
	booktitle    = "Proceedings of the 26th European conference on Object-oriented programming ({ECOOP}'12)",
	title        = "Verification of Snapshot Isolation in Transactional Memory Java Programs",
	year         = "2012",
	month        = jun,
	publisher    = "Springer-Verlag",
}

@online{wiki:shuntingyard,
    author = "Wikipedia contributors",
    title = "Shunting-yard algorithm --- Wikipedia{,} The Free Encyclopedia",
    year = "2017",
    month = "3",
    url = "https://en.wikipedia.org/w/index.php?title=Shunting-yard_algorithm&oldid=817901155",
    urldate = {2018-03-01},
    note = "[Online; accessed 3-March-2018]",
    keywords  = "Dijkstra,prefix"
}
